<collection xmlns="http://www.loc.gov/MARC21/slim"><record><leader>00660nam  2200217   450</leader><controlfield tag="001">677</controlfield><controlfield tag="003">http://montalegre.opacnet.com/OPAC/default.aspx?ContentAreaControl=ShowRegHoldings.ascx&amp;RegNo=16662</controlfield><datafield tag="100" ind1=" " ind2=" "><subfield code="a">20061013d1987    d  y0pory0103    ba</subfield></datafield><datafield tag="101" ind1="0" ind2=" "><subfield code="a">por</subfield></datafield><datafield tag="102" ind1=" " ind2=" "><subfield code="a">PT</subfield></datafield><datafield tag="200" ind1="1" ind2=" "><subfield code="a">Sete setas</subfield><subfield code="f">Carlos Pinhão</subfield><subfield code="g">il. Melo Frazão</subfield></datafield><datafield tag="210" ind1=" " ind2=" "><subfield code="a">[S.l.]</subfield><subfield code="c">Horizonte</subfield><subfield code="d">1987</subfield></datafield><datafield tag="215" ind1=" " ind2=" "><subfield code="a">14 p.</subfield><subfield code="c">il.</subfield><subfield code="d">16 cm</subfield></datafield><datafield tag="225" ind1="0" ind2=" "><subfield code="a">Sete estrelas</subfield><subfield code="v">15</subfield></datafield><datafield tag="606" ind1=" " ind2=" "><subfield code="a">Literatura infantil</subfield></datafield><datafield tag="608" ind1=" " ind2=" "><subfield code="a">Poesia</subfield></datafield><datafield tag="675" ind1=" " ind2=" "><subfield code="a">82-1</subfield></datafield><datafield tag="700" ind1=" " ind2="1"><subfield code="a">Pinhão</subfield><subfield code="b">Carlos</subfield><subfield code="f">1924-1993</subfield></datafield><datafield tag="702" ind1=" " ind2="1"><subfield code="a">Frazão</subfield><subfield code="b">Melo</subfield><subfield code="4">440</subfield></datafield><datafield tag="801" ind1=" " ind2="0"><subfield code="a">PT</subfield><subfield code="b">Biblioteca Municipal de Montalegre</subfield><subfield code="g">RPC</subfield></datafield><datafield tag="856" ind1=" " ind2=" "><subfield code="u">locateMedia.asp?cod=20060524145615&amp;ext=jpg</subfield><subfield code="z">CAPA</subfield></datafield><datafield tag="909" ind1="&#9;" ind2=" "><subfield code="a">1</subfield></datafield><datafield tag="966" ind1=" " ind2=" "><subfield code="a">0002654</subfield><subfield code="l">BMM</subfield><subfield code="s">SI 82-1 PIN set 15</subfield></datafield></record></collection>